@article{chen1603xgboost,
  title={XGBoost: A Scalable Tree Boosting System (2016)},
  author={Chen, T and Guestrin, C},
  journal={arXiv preprint arXiv:1603.02754}
}

@article{robustcov,
  title={Least median of squares regression},
  author={Rousseeuw, Peter J},
  journal={Journal of the American statistical association},
  volume={79},
  number={388},
  pages={871--880},
  year={1984},
  publisher={Taylor \& Francis}
}

@inproceedings{isolationforest,
  title={Isolation forest},
  author={Liu, Fei Tony and Ting, Kai Ming and Zhou, Zhi-Hua},
  booktitle={2008 Eighth IEEE International Conference on Data Mining},
  pages={413--422},
  year={2008},
  organization={IEEE}
}